@article{autor_growth_2013,
	title = {The growth of low-skill service jobs and the polarization of the {US} labor market},
	volume = {103},
	doi = {10.1257/aer.103.5.1553},
	language = {en},
	number = {5},
	journal = {American Economic Review},
	author = {Autor, D.H. and Dorn, D.},
	year = {2013},
	pages = {1553--1597},
}

@article{bae_analysis_2008,
	title = {Analysis on the changes in job satisfaction},
	volume = {40},
	url = {https://repository.kli.re.kr/handle/2021.oak/5452},
	language = {en},
	journal = {Monthly Labor Review},
	author = {Bae, K.},
	year = {2008},
	pages = {84--95},
}

@article{baetschmann_feologit_2020,
	title = {Feologit: {A} new command for fitting fixed-effects ordered logit models},
	volume = {20},
	doi = {10.1177/1536867x20930984},
	language = {en},
	number = {2},
	journal = {The Stata Journal: Promoting Communications on Statistics and Stata},
	author = {Baetschmann, G. and Ballantyne, A. and Staub, K.E. and Winkelmann, R.},
	year = {2020},
	pages = {253--275},
}

@book{barnow_occupational_2013,
	title = {Occupational labor shortages: {Concepts}, causes, consequences, and cures},
	language = {en},
	publisher = {W.E. Upjohn Institute},
	author = {Barnow, B.S. and Trutko, J. and Schede Piatak, J.},
	year = {2013},
	doi = {10.17848/9780880994132},
}

@article{chung_effect_2018,
	title = {The effect of overwork on job satisfaction : {Focusing} on time, allowance, and decision of overwork},
	volume = {8},
	doi = {10.35873/ajmahs.2018.8.8.031},
	language = {en},
	number = {8},
	journal = {Asia-Pacific Journal of Multimedia Services Convergent with Art, Humanities, and Sociology},
	author = {Chung, D.B. and Chang, H.jung and Kim, B.},
	year = {2018},
	pages = {321--332},
}

@techreport{donsimoni_work_2020,
	title = {Work intensity and labour supply},
	language = {en},
	publisher = {Cold Spring Harbor Laboratory},
	author = {Donsimoni, J.R.},
	year = {2020},
	doi = {10.1101/2020.03.27.20041335},
}

@article{edu-valsania_burnout_2022,
	title = {Burnout: {A} review of theory and measurement},
	volume = {19},
	doi = {10.3390/ijerph19031780},
	language = {en},
	number = {3},
	journal = {International Journal of Environmental Research and Public Health},
	author = {Edú-Valsania, S. and Laguía, A. and Moriano, J.A.},
	year = {2022},
}

@article{freeman_job_1978,
	title = {Job satisfaction as an economic variable},
	volume = {68},
	doi = {10.3386/w0225},
	language = {en},
	number = {2},
	journal = {The American Economic Review},
	author = {Freeman, R.},
	year = {1978},
	pages = {135--141},
}

@article{green_does_2008,
	title = {Does performance pay increase job satisfaction?},
	volume = {75},
	doi = {10.1111/j.1468-0335.2007.00649.x},
	language = {en},
	number = {300},
	journal = {Economica},
	author = {Green, C. and Heywood, J.S.},
	year = {2008},
	pages = {710--728},
}

@article{green_unpacking_2011,
	title = {Unpacking the misery multiplier: {How} employability modifies the impacts of unemployment and job insecurity on life satisfaction and mental health},
	volume = {30},
	doi = {10.1016/j.jhealeco.2010.12.005},
	language = {en},
	number = {2},
	journal = {Journal of Health Economics},
	author = {Green, F.},
	year = {2011},
	pages = {265--276},
}

@article{greiner_economic_2008,
	title = {An economic model of work-related stress},
	volume = {66},
	doi = {10.1016/j.jebo.2006.12.001},
	language = {en},
	number = {2},
	journal = {Journal of Economic Behavior \& Organization},
	author = {Greiner, A.},
	year = {2008},
	pages = {335--346},
}

@book{hart_economics_2004,
	title = {The economics of overtime working},
	language = {sr},
	publisher = {Cambridge University Press},
	author = {Hart, R.A.},
	year = {2004},
	doi = {10.1017/CBO9780511493263},
}

@techreport{ilo_working_2022,
	title = {Working {Time} and {Work}-{Life} {Balance} {Around} the {World}},
	language = {en},
	publisher = {International Labour Office},
	author = {ILO},
	year = {2023},
	url = {https://www.ilo.org/global/publications/books/WCMS_864222/lang--en/index.htm},
}

@article{jacobs_labor_2016,
	title = {Labor force transitions at older ages: {Burnout}, recovery, and reverse retirement},
	volume = {2016},
	doi = {10.17016/feds.2016.053},
	language = {en},
	number = {0(53)},
	journal = {Finance and Economics Discussion Series},
	author = {Jacobs, L. and Piyapromdee, S.},
	year = {2016},
	pages = {1--43},
}

@article{jang_characteristics_2018,
	title = {Characteristics and problems of the employment structure in korea},
	doi = {10.2139/ssrn.3278390},
	language = {en},
	journal = {Bank of Korea WP},
	author = {Jang, K.},
	year = {2018},
}

@article{jung_effect_2021,
	title = {The effect of long working hours on mental health among {Korean} wage earners},
	volume = {41},
	doi = {10.15709/hswr.2021.41.1.160},
	language = {en},
	number = {1},
	journal = {Health and Social Welfare Review},
	author = {Jung, Y. and Kim, S.jung},
	year = {2021},
	pages = {160--175},
}

@article{kang_effects_2023,
	title = {Effects of the 52-hour workweek policy on working hours and employment in {Korea}},
	volume = {71},
	doi = {10.22841/kjes.2023.71.4.002},
	language = {en},
	number = {4},
	journal = {The Korean Journal of Economic Studies},
	author = {Kang, C. and Park, S.},
	year = {2023},
	pages = {39--82},
}

@article{kim_impacts_2012,
	title = {The impacts of the 40 hour work week standard on actual working hours, wages and employment},
	volume = {35},
	language = {en},
	number = {3},
	journal = {Korean Journal of Labor Economics},
	author = {Kim, H. and Lee, J.},
	year = {2012},
	url = {https://kiss.kstudy.com/Detail/Ar?key=3117860},
}

@article{kim_study_2015,
	title = {A study on job satisfaction factor analysis},
	volume = {5},
	doi = {10.35273/jec.2015.5.2.004},
	language = {en},
	number = {2},
	journal = {Journal of Employment and Career},
	author = {Kim, H. and Lee, J.C. and Oh, S.W.},
	year = {2015},
	pages = {75--98},
}

@article{kim_reconsideration_2022,
	title = {Reconsideration definition and flexibility of the concept of work hours under the {Labor} {Standards} {Act}},
	volume = {37},
	doi = {10.46329/llf.2022.11.37.95},
	language = {en},
	journal = {Labor Law Forum},
	author = {Kim, I.},
	year = {2022},
	pages = {95--152},
}

@article{kim_analysis_2017,
	title = {Analysis of change in job satisfaction before/after the job change using 1-15 {Korean} {Labor} \& {Income} {Panel} {Study}},
	volume = {17},
	doi = {10.22914/jlp.2017.17.2.003},
	language = {en},
	number = {2},
	journal = {Quarterly Journal of Labor Policy},
	author = {Kim, J. and Jeong, J. and Park, K.},
	year = {2017},
	pages = {67--88},
}

@article{kim_association_2024,
	title = {The association between long working hours, shift work, and suicidal ideation: {A} systematic review and meta-analyses},
	volume = {50},
	doi = {10.5271/sjweh.4182},
	language = {en},
	number = {7},
	journal = {Scandinavian Journal of Work, Environment \& Health},
	author = {Kim, J. and Kwon, R. and Yun, H. and Lim, G.-Y. and Woo, K.-S. and Kim, I.},
	year = {2024},
	pages = {503--518},
}

@techreport{kim_oecd_2023,
	title = {{OECD} average annual hours worked: {Comparative} analysis and implications},
	url = {https://ssrn.com/abstract=4709623},
	language = {en},
	publisher = {KDI FOCUS},
	author = {Kim, M.},
	month = dec,
	year = {2023},
}

@article{ko_working_2023,
	title = {Working time reduction and life, job satisfaction},
	volume = {43},
	doi = {10.15709/hswr.2023.43.2.7},
	language = {en},
	number = {2},
	journal = {Health and Social Welfare Review},
	author = {Ko, H. and Jung, H.},
	year = {2023},
	pages = {7--28},
}

@article{lee_revision_2018,
	title = {Revision progress and issues of the reducing work hours law},
	volume = {24},
	doi = {10.46329/llf.2018.07.24.143},
	language = {en},
	journal = {Labor Law Forum},
	author = {Lee, Y.},
	year = {2018},
	pages = {143--179},
}

@article{lim_analysis_2024,
	title = {An analysis on both hours inequality and determinants of working hours by laborers},
	volume = {17},
	language = {en},
	number = {2},
	journal = {Korean Journal of Public Finance},
	author = {Lim, B. and Lee, J.M.},
	year = {2024},
	pages = {99--131},
	url = {https://www.dbpia.co.kr/journal/articleDetail?nodeId=NODE11981419},
}

@article{maslach_understanding_2016,
	title = {Understanding the burnout experience: {Recent} research and its implications for psychiatry},
	volume = {15},
	doi = {10.1002/wps.20311},
	language = {en},
	number = {2},
	journal = {World Psychiatry},
	author = {Maslach, C. and Leiter, M.P.},
	year = {2016},
	pages = {103--111},
}

@article{muris_estimation_2017,
	title = {Estimation in the fixed-effects ordered logit model},
	volume = {99},
	doi = {10.1162/rest_a_00617},
	language = {en},
	number = {3},
	journal = {The Review of Economics and Statistics},
	author = {Muris, C.},
	year = {2017},
	pages = {465--477},
}

@article{nho_determinants_2013,
	title = {On the determinants of overtime},
	volume = {23},
	language = {kor},
	number = {3},
	journal = {Korean Journal of Industrial Relations},
	author = {Nho, Y.},
	year = {2013},
	pages = {67--87},
	url = {https://www.riss.kr/search/detail/DetailView.do?p_mat_type=1a0202e37d52c72d&control_no=96f29963a1f8c344ffe0bdc3ef48d419},
}

@article{nho_labor_2024,
	title = {Labor shortage or skills shortage in the manufacturing {SMEs}?: {An} exploratory case study on their symptoms and measurement},
	volume = {30},
	language = {en},
	number = {3},
	journal = {Korean Journal of Labor Studies},
	author = {Nho, Y.},
	year = {2024},
	pages = {157--189},
	url = {https://www.dbpia.co.kr/journal/articleDetail?nodeId=NODE12155180},
}

@article{oswald_happiness_2015,
	title = {Happiness and productivity},
	volume = {33},
	doi = {10.1086/681096},
	language = {en},
	number = {4},
	journal = {Journal of Labor Economics},
	author = {Oswald, A.J. and Proto, E. and Sgroi, D.},
	year = {2015},
	pages = {789--822},
}

@techreport{park_study_2019,
	title = {A study on economic causes of long working hours},
	language = {en},
	publisher = {KDI Policy Study},
	author = {Park, W. and Park, Y.},
	year = {2019},
	doi = {10.22740/kdi.ps.2019.15},
}

@article{ratzel_labour_2012,
	title = {Labour supply, life satisfaction, and the (dis)utility of work},
	volume = {114},
	doi = {10.1111/j.1467-9442.2012.01717.x},
	language = {en},
	number = {4},
	journal = {The Scandinavian Journal of Economics},
	author = {Rätzel, S.},
	year = {2012},
	pages = {1160--1181},
}

@inproceedings{rose_disparate_2001,
	title = {Disparate measures in the workplace: {Quantifying} overall job satisfaction},
	language = {en},
	booktitle = {{2001} {British} {Household} {Panel} {Survey} {Researchers'} {Conference}},
	author = {Rose, M.},
	year = {2001},
	month = {July},
	address = {Colchester},
	url={https://api.semanticscholar.org/CorpusID:16962995},
}

@article{Russo2012Job,
	author = {Russo, Giovanni},
	journal = {Review of Social Economy},
	number = {3},
	year = {2012},
	month = {9},
	pages = {315--343},
	publisher = {Informa UK Limited},
	title = {Job and life satisfaction among part-time and full-time workers: The ``identity'' approach},
	volume = {70},
	doi = {10.1080/00346764.2011.632323},
}

@article{shin_overwork_2016,
	title = {Overwork and organization: {The} effect of overtime work on female managerial position in organizations in {Korea}},
	volume = {16},
	doi = {10.22914/jlp.2016.16.4.003},
	language = {en},
	number = {4},
	journal = {Quarterly Journal of Labor Policy},
	author = {Shin, H. and Han, B.},
	year = {2016},
	pages = {65--94},
}

@article{simpson_longer_2024,
	title = {Do longer job hours matter for maternal mental health? {A} longitudinal analysis of single versus partnered mothers},
	volume = {33},
	doi = {10.1002/hec.4895},
	language = {en},
	number = {12},
	journal = {Health Economics},
	author = {Simpson, J. and Wildman, J. and Bambra, C. and Brown, H.},
	year = {2024},
	pages = {2742--2756},
}

@techreport{who_burn-out_2019,
	title = {Burn-out an “occupational phenomenon”: {International} {Classification} of {Diseases}},
	url = {https://www.who.int/news/item/28-05-2019-burn-out-an-occupational-phenomenon-international-classification-of-diseases},
	language = {en},
	journal = {World Health Organization: WHO},
	author = {{WHO}},
	month = may,
	year = {2019},
}

@misc{who_burn-out_2022,
	title = {Burn-out an occupational phenomenon},
	url = {https://www.who.int/standards/classifications/frequently-asked-questions/burn-out-an-occupational-phenomenon},
	author = {{WHO}},
	year = {2022},
}

@article{winkelmann_why_1998,
	title = {Why are the unemployed so unhappy?: {Evidence} from panel data},
	volume = {65},
	doi = {10.1111/1468-0335.00111},
	language = {en},
	number = {257},
	journal = {Economica},
	author = {Winkelmann, L. and Winkelmann, R.},
	year = {1998},
	pages = {1--15},
}
@article{kim_review_2024,
	title = {A review of changes in the method of calculating overtime hours for one week: {Based} on the {Supreme} {Court} 2023. 12. 7. {Sentence} 2020 {Do15393} {Judgment}},
	doi = {10.46329/LLF.2024.03.41.177},
	number = {41},
	journal = {labor law forum},
	author = {Kim, KiWoo},
	year = {2024},
	pages = {179--213},
}
@techreport{JeeResearch,
	author = {Jee, Eun-Hee},
		year = {2021},
	institution = {{Software policy and research institute}},
	title = {Research on improving the working environment of the software industry},
	url = {https://spri.kr/posts/view/23271?code=data_all&study_type=research},
}
@article{Pencavel2016Recovery,
	author = {Pencavel, John},
	journal = {Economica},
	number = {332},
	year = {2016},
	month = {aug 23},
	pages = {545--563},
	publisher = {Wiley},
	title = {Recovery from work and the productivity of working hours},
	volume = {83},
	doi = {10.1111/ecca.12206},
}
@article{Pencavel2016preferences,
	author = {Pencavel, John},
	journal = {Economic Inquiry},
	number = {1},
	year = {2016},
	month = {January},
	pages = {9--24},
	title = {Whose preferences are revealed in hours of work?},
	volume = {54},
	doi = {10.1111/ecin.12276},
}
@article{Burgess2013Identifying,
	author = {Burgess, Stephen},
	journal = {Statistics in Medicine},
	number = {27},
	year = {2013},
	month = {jun 3},
	pages = {4726--4747},
	publisher = {Wiley},
	title = {Identifying the odds ratio estimated by a twostage instrumental variable analysis with a logistic regression model},
	volume = {32},
	doi = {10.1002/sim.5871},
}
@article{Basu20182SLS,
	author = {Basu, Anirban and Coe, Norma B. and Chapman, Cole G.},
	journal = {Health Economics},
	number = {6},
	year = {2018},
	month = {mar 26},
	pages = {937--955},
	publisher = {Wiley},
	title = {2SLS versus 2SRI: Appropriate methods for rare outcomes and/or rare exposures},
	volume = {27},
	doi = {10.1002/hec.3647},
}
@article{Angrist1995Two,
	author = {Angrist, Joshua D. and Imbens, Guido W.},
	journal = {Journal of the American Statistical Association},
	number = {430},
	year = {1995},
	month = {6},
	pages = {431},
	publisher = {JSTOR},
	title = {Two-{Stage} least squares estimation of average causal effects in models with variable treatment intensity},
	volume = {90},
	doi = {10.2307/2291054},
}
@article{Manski2000Monotone,
	author = {Manski, Charles F. and Pepper, John V.},
	journal = {Econometrica},
	number = {4},
	year = {2000},
	pages = {997--1010},
	publisher = {[Wiley, Econometric Society]},
	title = {Monotone instrumental variables: With an application to the returns to schooling},
	volume = {68},
	doi = {10.1111/1468-0262.t01-1-00144a},
}
